@phdthesis{Raucci2017,
    title = {{The potential of hydrogen to fuel international shipping}},
    year = {2017},
    author = {Raucci, Carlo},
    pages = {248},
    url = {http://discovery.ucl.ac.uk/1539941/},
    school = {University College London}
}